%! Author = vitru
%! Date = 05.04.2022

@article{conlan1983massive,
  title={Massive hemoptysis: review of 123 cases},
  author={Conlan, AA and Hurwitz, SS and Krige, L and Nicolaou, N and Pool, R},
  journal={The Journal of thoracic and cardiovascular surgery},
  volume={85},
  number={1},
  pages={120--124},
  year={1983},
  publisher={Elsevier}
}